@book{adams1995hitchhiker,
  title={The Hitchhiker's Guide to the Galaxy},
  author={Adams, D.},
  isbn={9781417642595},
  url={http://books.google.com/books?id=W-xMPgAACAAJ},
  year={1995},
  publisher={San Val}
}
@misc{solitaire,
  title = {Morpion\_solitaire},
  url = {https://fr.wikipedia.org/wiki/Morpion\_solitaire},
  author = {wikipedia},
  year = {2020}
}

@misc{these,
  title = {Analyses de dépendances et méthodes de Monte-Carlo
dans les jeux de réflexion},
  shorttitle = {{{Chapitre 5}}},
  publisher = {{UNIVERSITE PARIS 8}},
  url = {https://www.lamsade.dauphine.fr/~cazenave/papers/thesebernard.pdf},
  author = {Bernard Helmstetter},
  year = {2020}
}

@misc{score,
  title = {Morpion Solitaire - Grilles Records (jeu 5T)},
  url = {www.morpionsolitaire.com},
  author = {Christian Boyer},
  year = {2020}
}
@misc{chinois,
  title = { les grilles symétriques, Michael Quist},
  url = {http://www.morpionsolitaire.com/Francais/RecordsGrids5T.htm},
  author = {Christian Boyer},
  year = {2020}
}
@misc{learning,
  title = {Q-Learning},
  url = {https://fr.wikipedia.org/wiki/Q-learning},
  author = {wikipedia},
  year = {2020}
}

@misc{anaconda,
  title = {Anaconda},
  url = {https://fr.wikipedia.org/wiki/Anaconda_(Python_distribution)},
  author = {wikipedia},
  year = {2020}
}
@misc{python,
  title = {Python},
  url = {https://fr.wikipedia.org/wiki/Python},
  author = {wikipedia},
  year = {2020}
}
@misc{pycharm,
  title = {PyCharm},
  url = {https://fr.wikipedia.org/wiki/PyCharm},
author = {wikipedia},
  year = {2020}
}
@misc{latex,
  title = {LaTeX},
  url = {https://fr.wikipedia.org/wiki/LaTeX},
  author = {wikipedia},
  year = {2020}
}